%% This BibTeX bibliography file was created using BibDesk.
%% http://bibdesk.sourceforge.net/


%% Created for Ole Wilms at 2021-10-12 10:16:28 +0200 


%% Saved with string encoding Unicode (UTF-8) 
@article{GomezYaron2020,
	author = {Gomez-Cram, Roberto and Yaron, Amir},
	date-added = {2021-10-27 09:47:13 +0000},
	date-modified = {2021-10-27 09:47:28 +0000},
	doi = {10.1093/rfs/hhaa039},
	eprint = {https://academic.oup.com/rfs/article-pdf/34/2/985/36090344/hhaa039.pdf},
	issn = {0893-9454},
	journal = {The Review of Financial Studies},
	month = {05},
	number = {2},
	pages = {985-1045},
	title = {{How Important Are Inflation Expectations for the Nominal Yield Curve?}},
	url = {https://doi.org/10.1093/rfs/hhaa039},
	volume = {34},
	year = {2020},
	bdsk-url-1 = {https://doi.org/10.1093/rfs/hhaa039}}


@article{hansen_richard:1987,
    author="Hansen, Lars Peter and Richard, Scott F.",
    title="The Role of Conditioning Information in Deducing Testable Restrictions Implied by Dynamic Asset Pricing Models",
    journal="Econometrica",
    year="1987",
    volume="55",
    number="3",
    pages="587--613",
    month="May"
}


@book{duffie2001dynamic,
    title={Dynamic Asset Pricing Theory},
    author={Duffie, Darrell},
    year={2001},
    publisher={Princeton University Press}
}


@unpublished{Bekaertetal2021,
	Author = {Bekaert, Geert and Engstrom, Eric and Ermolov, Andrey},
	Date-Added = {2021-10-12 08:14:29 +0000},
	Date-Modified = {2021-10-12 08:16:28 +0000},
	Title = {The Variance Risk Premium in Equilibrium Models},
	Year = {2021}}

@article{deGroot15,
	Author = {de Groot, Oliver},
	Date-Added = {2021-09-15 16:03:36 +0000},
	Date-Modified = {2021-09-15 16:03:36 +0000},
	Journal = {Journal of Economic Dynamics and Control},
	Pages = {308-321},
	Title = {Solving Asset Pricing Models with Stochastic Volatility},
	Volume = {52},
	Year = {2015}}

@article{shiller1981stock,
	Author = {Shiller, Robert J},
	Journal = {The American Economic Review},
	Number = {3},
	Pages = {421--436},
	Title = {Do Stock Prices Move Too Much to be Justified by Subsequent Changes in Dividends?},
	Volume = {71},
	Year = {1981}}

@article{shiller1990market,
	Author = {Shiller, Robert J},
	Journal = {The American Economic Review},
	Number = {2},
	Pages = {58--62},
	Publisher = {JSTOR},
	Title = {Market volatility and investor behavior},
	Volume = {80},
	Year = {1990}}

@article{stenflo2001ergodic,
	Author = {Stenflo, O},
	Journal = {Bulletin of the Polish Academy of Sciences. Mathematics},
	Pages = {27--43},
	Title = {Ergodic theorems for Markov chains represented by iterated function systems},
	Volume = {49},
	Year = {2001}}

@article{munos2006geometric,
	Author = {Munos, R{\'e}mi},
	Journal = {Journal of Machine Learning Research},
	Pages = {413--427},
	Title = {Geometric variance reduction in Markov chains: application to value function and gradient estimation},
	Volume = {7},
	Year = {2006}}

@techreport{lorenz2020nonlinear,
	Author = {Lorenz, Friedrich and Schmedders, Karl and Schumacher, Malte},
	Institution = {EUROFIDAI-ESSEC},
	Title = {Nonlinear dynamics in conditional volatility},
	Year = {2020}}

@article{gomez2021important,
	Author = {Gomez-Cram, Roberto and Yaron, Amir},
	Journal = {The Review of Financial Studies},
	Number = {2},
	Pages = {985--1045},
	Publisher = {Oxford University Press},
	Title = {How important are inflation expectations for the nominal yield curve?},
	Volume = {34},
	Year = {2021}}

@article{aldrich2021computational,
	Author = {Aldrich, Eric Mark and Kung, Howard},
	Journal = {Studies in Nonlinear Dynamics \& Econometrics},
	Number = {1},
	Publisher = {De Gruyter},
	Title = {Computational methods for production-based asset pricing models with recursive utility},
	Volume = {25},
	Year = {2021}}

@article{bollerslev2015stock,
	Author = {Bollerslev, Tim and Xu, Lai and Zhou, Hao},
	Journal = {Journal of Econometrics},
	Number = {2},
	Pages = {458--471},
	Publisher = {Elsevier},
	Title = {Stock return and cash flow predictability: The role of volatility risk},
	Volume = {187},
	Year = {2015}}

@article{segal2015good,
	Author = {Segal, Gill and Shaliastovich, Ivan and Yaron, Amir},
	Journal = {Journal of Financial Economics},
	Number = {2},
	Pages = {369--397},
	Publisher = {Elsevier},
	Title = {Good and bad uncertainty: Macroeconomic and financial market implications},
	Volume = {117},
	Year = {2015}}

@article{christensen2017nonparametric,
	Author = {Christensen, Timothy M},
	Journal = {Econometrica},
	Number = {5},
	Pages = {1501--1536},
	Publisher = {Wiley Online Library},
	Title = {Nonparametric stochastic discount factor decomposition},
	Volume = {85},
	Year = {2017}}

@article{schorfheide2018identifying,
	Author = {Schorfheide, Frank and Song, Dongho and Yaron, Amir},
	Journal = {Econometrica},
	Number = {2},
	Pages = {617--654},
	Publisher = {Wiley Online Library},
	Title = {Identifying long-run risks: A Bayesian mixed-frequency approach},
	Volume = {86},
	Year = {2018}}

@article{bansal2004risks,
	Author = {Bansal, Ravi and Yaron, Amir},
	Journal = {The Journal of Finance},
	Number = {4},
	Pages = {1481--1509},
	Title = {Risks for the long run: A potential resolution of asset pricing puzzles},
	Volume = {59},
	Year = {2004}}

@article{bansal2012empirical,
	Author = {Bansal, Ravi and Kiku, Dana and Yaron, Amir},
	Journal = {Critical Finance Review},
	Number = {1},
	Pages = {183--221},
	Title = {An Empirical Evaluation of the Long-Run Risks Model for Asset Prices},
	Volume = {1},
	Year = {2012}}

@article{borovivcka2021stability,
	Author = {Borovi{\v{c}}ka, Jaroslav and Stachurski, John},
	Journal = {Journal of Economic Theory},
	Pages = {105227},
	Publisher = {Elsevier},
	Title = {Stability of equilibrium asset pricing models: A necessary and sufficient condition},
	Volume = {193},
	Year = {2021}}

@techreport{fj2015,
	Author = {Joao Brogueira and Fabian Sch\"utze},
	Note = {{E}uropean University Institute Working Paper},
	Title = {Existence and uniqueness of equilibrium in Lucas' Asset Pricing model when utility is unbounded},
	Year = {2017}}

@article{lucas1978asset,
	Author = {Lucas, Robert E},
	Journal = {Econometrica},
	Pages = {1429--1445},
	Title = {Asset prices in an exchange economy},
	Year = {1978}}

@book{dudley2002real,
	Author = {Dudley, Richard M},
	Publisher = {Cambridge University Press},
	Title = {Real Analysis and Probability},
	Volume = {74},
	Year = {2002}}

@book{stokeyec,
	Author = {Stokey, Nancy and Lucas, Robert E},
	Publisher = {Harvard University Press},
	Title = {Recursive Methods in Economic Dynamics (with EC Prescott)},
	Year = {1989}}

@article{kamihigashi1998uniqueness,
	Author = {Kamihigashi, Takashi},
	Journal = {Economic Theory},
	Number = {1},
	Pages = {103--122},
	Publisher = {Springer},
	Title = {Uniqueness of asset prices in an exchange economy with unbounded utility},
	Volume = {12},
	Year = {1998}}

@article{ljungqvist2012recursive,
	Author = {Ljungqvist, Lars and Sargent, Thomas},
	Publisher = {The MIT Press},
	Title = {Recursive Macroeconomic Theory},
	Year = {2012}}

@article{tauchen1991quadrature,
	Author = {Tauchen, George and Hussey, Robert},
	Journal = {Econometrica},
	Pages = {371--396},
	Publisher = {JSTOR},
	Title = {Quadrature-based methods for obtaining approximate solutions to nonlinear asset pricing models},
	Year = {1991}}

@article{hansen1995discounted,
	Author = {Hansen, Lars Peter and Sargent, Thomas J},
	Journal = {IEEE Transactions on Automatic control},
	Number = {5},
	Pages = {968--971},
	Publisher = {Citeseer},
	Title = {Discounted linear exponential quadratic gaussian control},
	Volume = {40},
	Year = {1995}}

@article{hansen2012recursive,
	Author = {Hansen, Lars Peter and Scheinkman, Jos{\'e} A},
	Journal = {Proceedings of the National Academy of Sciences},
	Number = {30},
	Pages = {11967--11972},
	Publisher = {National Acad Sciences},
	Title = {Recursive utility in a Markov environment with stochastic growth},
	Volume = {109},
	Year = {2012}}

@book{hansen2013recursive,
	Author = {Hansen, Lars Peter and Sargent, Thomas J},
	Publisher = {Princeton University Press},
	Title = {Recursive Models of Dynamic Linear Economies},
	Year = {2013}}

@article{labadie1991asset,
	Author = {Labadie, AGP},
	Journal = {Journal of Political Economy},
	Number = {6},
	Pages = {1215--1251},
	Publisher = {University of Chicago Press},
	Title = {Asset prices and interest rates in cash-in-advance models.},
	Volume = {99},
	Year = {1991}}

@article{mehra1985equity,
	Author = {Mehra, Rajnish and Prescott, Edward C},
	Journal = {Journal of Monetary Economics},
	Number = {2},
	Pages = {145--161},
	Publisher = {Elsevier},
	Title = {The equity premium: A puzzle},
	Volume = {15},
	Year = {1985}}

@article{kocherlakota1997testing,
	Author = {Kocherlakota, Narayana R},
	Journal = {Macroeconomic Dynamics},
	Number = {03},
	Pages = {551--567},
	Publisher = {Cambridge Univ Press},
	Title = {Testing the consumption CAPM with heavy-tailed pricing errors},
	Volume = {1},
	Year = {1997}}

@book{atkinson2009theoretical,
	Author = {Atkinson, Kendall and Han, Weimin},
	Publisher = {Springer Science \& Business Media},
	Title = {Theoretical Numerical Analysis: A Functional Analysis Framework},
	Volume = {39},
	Year = {2009}}

@book{duffie2010dynamic,
	Author = {Duffie, Darrell},
	Publisher = {Princeton University Press},
	Title = {Dynamic Asset Pricing Theory},
	Year = {2010}}

@article{breeden1979intertemporal,
	Author = {Breeden, Douglas T},
	Journal = {Journal of Financial Economics},
	Number = {3},
	Pages = {265--296},
	Publisher = {Elsevier},
	Title = {An intertemporal asset pricing model with stochastic consumption and investment opportunities},
	Volume = {7},
	Year = {1979}}

@article{sloan1980review,
	Author = {Sloan, Ian H},
	Journal = {The Application and Numerical Solution of Integral Equations},
	Pages = {51--74},
	Publisher = {Sijthoff and Noordhoff, Alphen aan den Rijn},
	Title = {A review of numerical methods for Fredholm equations of the second kind},
	Year = {1980}}

@book{cheney2001analysis,
	Author = {Cheney, Ward},
	Publisher = {Springer Science \& Business Media},
	Title = {Analysis for Applied Mathematics},
	Volume = {208},
	Year = {2001}}

@book{debnath2005introduction,
	Author = {Debnath, Lokenath and Mikusinski, Piotr},
	Publisher = {Academic Press},
	Title = {Introduction to Hilbert Spaces with Applications},
	Year = {2005}}

@book{lorenzi2006analytical,
	Author = {Lorenzi, Luca and Bertoldi, Marcello},
	Publisher = {CRC Press},
	Title = {Analytical methods for Markov semigroups},
	Year = {2006}}

@article{boyd2005symmetry,
	Author = {Boyd, Stephen and Diaconis, Persi and Parrilo, Pablo and Xiao, Lin},
	Journal = {Internet Mathematics},
	Number = {1},
	Pages = {31--71},
	Publisher = {Taylor \& Francis},
	Title = {Symmetry analysis of reversible Markov chains},
	Volume = {2},
	Year = {2005}}

@book{haggstrom2002finite,
	Author = {H{\"a}ggstr{\"o}m, Olle},
	Publisher = {Cambridge University Press},
	Title = {Finite Markov chains and algorithmic applications},
	Volume = {52},
	Year = {2002}}

@book{o2014analysis,
	Author = {O'Donnell, Ryan},
	Publisher = {Cambridge University Press},
	Title = {Analysis of boolean functions},
	Year = {2014}}

@book{kantorovichfunctional,
	Author = {Kantorovich, LV and Akilov, GP},
	Edition = {second},
	Publisher = {Pergamon Press, Oxford},
	Title = {Functional Analysis},
	Year = {1982}}

@article{longla2012some,
	Author = {Longla, Martial and Peligrad, Magda},
	Journal = {Journal of Multivariate Analysis},
	Pages = {234--240},
	Publisher = {Elsevier},
	Title = {Some aspects of modeling dependence in copula-based Markov chains},
	Volume = {111},
	Year = {2012}}

@article{guvenen2009parsimonious,
	Author = {Guvenen, Fatih},
	Journal = {Econometrica},
	Number = {6},
	Pages = {1711--1750},
	Publisher = {Wiley Online Library},
	Title = {A parsimonious macroeconomic model for asset pricing},
	Volume = {77},
	Year = {2009}}

@article{tallarini2000risk,
	Author = {Tallarini, Thomas D},
	Journal = {Journal of Monetary Economics},
	Number = {3},
	Pages = {507--532},
	Publisher = {Elsevier},
	Title = {Risk-sensitive real business cycles},
	Volume = {45},
	Year = {2000}}

@article{wu2001determinants,
	Author = {Wu, Guojun},
	Journal = {Review of Financial Studies},
	Number = {3},
	Pages = {837--859},
	Publisher = {Soc Financial Studies},
	Title = {The determinants of asymmetric volatility},
	Volume = {14},
	Year = {2001}}

@article{khare2009rates,
	Author = {Khare, Kshitij and Zhou, Hua},
	Journal = {The Annals of Applied Probability},
	Number = {2},
	Pages = {737--777},
	Publisher = {Institute of Mathematical Statistics},
	Title = {Rates of convergence of some multivariate Markov chains with polynomial eigenfunctions},
	Volume = {19},
	Year = {2009}}

@article{hansen2014nobel,
	Author = {Hansen, Lars Peter},
	Journal = {Journal of Political Economy},
	Number = {5},
	Pages = {945--987},
	Title = {Nobel Lecture: Uncertainty Outside and Inside Economic Models},
	Volume = {122},
	Year = {2014}}

@article{hansen2009pricing,
	Author = {Hansen, Lars P and Renault, Eric},
	Journal = {Encyclopedia of Quantitative Finance},
	Pages = {1418--1427},
	Title = {Pricing kernels and stochastic discount factors},
	Year = {2009}}

@article{abel1990asset,
	Author = {Abel, Andrew B},
	Journal = {The American Economic Review},
	Pages = {38--42},
	Publisher = {JSTOR},
	Title = {Asset prices under habit formation and catching up with the Joneses},
	Year = {1990}}

@article{borovivcka2014,
	Author = {Borovi{\v{c}}ka, Jaroslav and Hansen, Lars P and Scheinkman, Jos{\'e} A},
	Journal = {The Journal of Finance},
	Title = {Misspecified recovery},
	Year = {2015}}

@article{campbell1999force,
	Author = {Campbell, John Y and Cochrane, John H},
	Journal = {The Journal of Political Economy},
	Number = {2},
	Pages = {205--251},
	Title = {By Force of Habit: A Consumption-Based Explanation of Aggregate Stock Market Behavior},
	Volume = {107},
	Year = {1999}}

@article{gourieroux2006autoregressive,
	Author = {Gouri{\'e}roux, Christian and Jasiak, Joann},
	Journal = {Journal of Forecasting},
	Number = {2},
	Pages = {129--152},
	Publisher = {Wiley Online Library},
	Title = {Autoregressive gamma processes},
	Volume = {25},
	Year = {2006}}

@article{blanchard1980solution,
	Author = {Blanchard, Olivier Jean and Kahn, Charles M},
	Journal = {Econometrica},
	Pages = {1305--1311},
	Publisher = {JSTOR},
	Title = {The solution of linear difference models under rational expectations},
	Year = {1980}}

@book{schilling2005measures,
	Author = {Schilling, Ren{\'e} L},
	Publisher = {Cambridge University Press},
	Title = {Measures, integrals and martingales},
	Volume = {13},
	Year = {2005}}

@article{griffiths2009stochastic,
	Author = {Griffiths, Bob},
	Journal = {Journal of computational and applied mathematics},
	Number = {3},
	Pages = {739--744},
	Publisher = {Elsevier},
	Title = {Stochastic processes with orthogonal polynomial eigenfunctions},
	Volume = {233},
	Year = {2009}}

@article{rust1996numerical,
	Author = {Rust, John},
	Journal = {Handbook of computational economics},
	Pages = {619--729},
	Title = {Numerical dynamic programming in economics},
	Volume = {1},
	Year = {1996}}

@book{judd1998numerical,
	Author = {Judd, Kenneth L},
	Publisher = {MIT press},
	Title = {Numerical methods in economics},
	Year = {1998}}

@article{ross2015recovery,
	Author = {Ross, Steve},
	Journal = {The Journal of Finance},
	Number = {2},
	Pages = {615--648},
	Publisher = {Wiley Online Library},
	Title = {The recovery theorem},
	Volume = {70},
	Year = {2015}}

@book{meyn2009markov,
	Author = {Meyn, Sean and Tweedie, Richard L},
	Publisher = {Cambridge University Press},
	Title = {Markov chains and stochastic stability},
	Year = {2009}}

@article{farmer2009understanding,
	Author = {Farmer, Roger EA and Waggoner, Daniel F and Zha, Tao},
	Journal = {Journal of Economic Theory},
	Number = {5},
	Pages = {1849--1867},
	Publisher = {Elsevier},
	Title = {Understanding Markov-switching rational expectations models},
	Volume = {144},
	Year = {2009}}

@book{aliprantis2007infinite,
	Author = {Aliprantis, Charalambos D and Border, Kim C},
	Publisher = {Springer Science \& Business Media},
	Title = {Infinite Dimensional Analysis: A Hitchhiker's Guide (Second Edition)},
	Year = {1999}
}

@book{bosq2012linear,
	Author = {Bosq, Denis},
	Publisher = {Springer Science \& Business Media},
	Title = {Linear processes in function spaces: theory and applications},
	Volume = {149},
	Year = {2012}}

@article{calin2005solving,
	Author = {Calin, Ovidiu L and Chen, Yu and Cosimano, Thomas F and Himonas, Alex A},
	Journal = {Econometrica},
	Number = {3},
	Pages = {961--982},
	Publisher = {Wiley Online Library},
	Title = {Solving asset pricing models when the price--dividend function is analytic},
	Volume = {73},
	Year = {2005}}

@article{lucas1972expectations,
	Author = {Lucas, Robert E},
	Journal = {Journal of economic theory},
	Number = {2},
	Pages = {103--124},
	Publisher = {Elsevier},
	Title = {Expectations and the Neutrality of Money},
	Volume = {4},
	Year = {1972}}

@article{tirole1985asset,
	Author = {Tirole, Jean},
	Journal = {Econometrica},
	Pages = {1071--1100},
	Publisher = {JSTOR},
	Title = {Asset bubbles and overlapping generations},
	Year = {1985}}

@article{sargent1983model,
	Author = {Sargent, Thomas J and Wallace, Meil},
	Journal = {Journal of Monetary Economics},
	Number = {1},
	Pages = {163--187},
	Publisher = {Elsevier},
	Title = {A model of commodity money},
	Volume = {12},
	Year = {1983}}

@article{anderson2005dynamics,
	Author = {Anderson, Evan W},
	Journal = {Journal of Economic theory},
	Number = {2},
	Pages = {93--150},
	Publisher = {Elsevier},
	Title = {The dynamics of risk-sensitive allocations},
	Volume = {125},
	Year = {2005}}

@article{brandt1986stochastic,
	Author = {Brandt, Andreas},
	Journal = {Advances in Applied Probability},
	Pages = {211--220},
	Publisher = {JSTOR},
	Title = {The stochastic equation Yn+ 1= AnYn+ Bn with stationary coefficients},
	Year = {1986}}

@article{kesten1973random,
	Author = {Kesten, Harry},
	Journal = {Acta Mathematica},
	Number = {1},
	Pages = {207--248},
	Publisher = {Springer},
	Title = {Random difference equations and renewal theory for products of random matrices},
	Volume = {131},
	Year = {1973}}

@article{benhabib2011distribution,
	Author = {Benhabib, Jess and Bisin, Alberto and Zhu, Shenghao},
	Journal = {Econometrica},
	Number = {1},
	Pages = {123--157},
	Publisher = {Wiley Online Library},
	Title = {The distribution of wealth and fiscal policy in economies with finitely lived agents},
	Volume = {79},
	Year = {2011}}

@article{hansen2009long,
	Author = {Hansen, Lars Peter and Scheinkman, Jos{\'e} A},
	Journal = {Econometrica},
	Number = {1},
	Pages = {177--234},
	Publisher = {Wiley Online Library},
	Title = {Long-Term Risk: An Operator Approach},
	Volume = {77},
	Year = {2009}}

@article{atkinson1967numerical,
	Author = {Atkinson, Kendall E},
	Journal = {Trans. Amer. Math. Soc},
	Number = {3},
	Pages = {458--465},
	Publisher = {JSTOR},
	Title = {The numerical solution of the eigenvalue problem for compact integral operators},
	Volume = {129},
	Year = {1967}}

@article{cagan1956dynamics,
	Author = {Cagan, P},
	Title = {The Dynamics of Hyper-Inflation, in M. Friedman (ed.), Studies of the Quantity Theory of Money, Chicago University Press},
	Year = {1956}}

@article{muth1961rational,
	Author = {Muth, John F},
	Journal = {Econometrica: Journal of the Econometric Society},
	Pages = {315--335},
	Publisher = {JSTOR},
	Title = {Rational expectations and the theory of price movements},
	Year = {1961}}

@article{klein2000using,
	Author = {Klein, Paul},
	Journal = {Journal of Economic Dynamics and Control},
	Number = {10},
	Pages = {1405--1423},
	Publisher = {Elsevier},
	Title = {Using the generalized Schur form to solve a multivariate linear rational expectations model},
	Volume = {24},
	Year = {2000}}

@article{hansen1980formulating,
	Author = {Hansen, Lars Peter and Sargent, Thomas J},
	Journal = {Journal of Economic Dynamics and control},
	Pages = {7--46},
	Publisher = {Elsevier},
	Title = {Formulating and estimating dynamic linear rational expectations models},
	Volume = {2},
	Year = {1980}}

@article{taylor1977conditions,
	Author = {Taylor, John B},
	Journal = {Econometrica: Journal of the Econometric Society},
	Pages = {1377--1385},
	Publisher = {JSTOR},
	Title = {Conditions for unique solutions in stochastic macroeconomic models with rational expectations},
	Year = {1977}}

@inproceedings{lucas1976econometric,
	Author = {Lucas, Robert E},
	Booktitle = {Carnegie-Rochester conference series on public policy},
	Organization = {North-Holland},
	Pages = {19--46},
	Title = {Econometric policy evaluation: A critique},
	Volume = {1},
	Year = {1976}}

@article{lucas1987money,
	Author = {Lucas, Robert E and Stokey, Nancy L},
	Journal = {Econometrica: Journal of the Econometric Society},
	Pages = {491--513},
	Publisher = {JSTOR},
	Title = {Money and Interest in a Cash-in-Advance Economy},
	Year = {1987}}

@article{labadie1986comparative,
	Author = {Labadie, Pamela},
	Journal = {The Review of Economic Studies},
	Number = {1},
	Pages = {139--152},
	Publisher = {Oxford University Press},
	Title = {Comparative dynamics and risk premia in an overlapping generations model},
	Volume = {53},
	Year = {1986}}

@article{sims2002solving,
	Author = {Sims, Christopher A},
	Journal = {Computational economics},
	Number = {1},
	Pages = {1--20},
	Publisher = {Springer},
	Title = {Solving linear rational expectations models},
	Volume = {20},
	Year = {2002}}

@incollection{uhlig1998toolkit,
	Author = {Uhlig, Harald},
	Booktitle = {Computational Methods for the Study of Dynamic Economies},
	Editor = {Marimon, R and Scott A},
	Publisher = {Oxford University Press},
	Title = {A Toolkit for Analysing Nonlinear Dynamic Stochastic Models Easily},
	Year = {1999}}

@article{christiano2002solving,
	Author = {Christiano, Lawrence J},
	Journal = {Computational Economics},
	Number = {1-2},
	Pages = {21--55},
	Publisher = {Springer},
	Title = {Solving dynamic equilibrium models by a method of undetermined coefficients},
	Volume = {20},
	Year = {2002}}

@techreport{alsad2016,
	Author = {Al-Sadoon, Majid M},
	Institution = {Barcelona Graduate School of Economics},
	Number = 875,
	Title = {The Linear Systems Approach to Linear Rational Expectations Models},
	Year = 2016}

@article{boyd1990recursive,
	Author = {Boyd, John H},
	Journal = {Journal of Economic Theory},
	Number = {2},
	Pages = {326--345},
	Publisher = {Elsevier},
	Title = {Recursive utility and the Ramsey problem},
	Volume = {50},
	Year = {1990}}

@article{alvarez1998dynamic,
	Author = {Alvarez, Fernando and Stokey, Nancy L},
	Journal = {Journal of economic theory},
	Number = {1},
	Pages = {167--189},
	Publisher = {Elsevier},
	Title = {Dynamic programming with homogeneous functions},
	Volume = {82},
	Year = {1998}}

@article{epstein1989substitution,
	Author = {Epstein, Larry G and Zin, Stanley E},
	Journal = {Econometrica},
	Pages = {937--969},
	Publisher = {JSTOR},
	Title = {Substitution, risk aversion, and the temporal behavior of consumption and asset returns: A theoretical framework},
	Year = {1989}}

@book{zaanen1997,
	Author = {Adriaan C. Zaanen},
	Isbn = {3540619895,9783540619895},
	Publisher = {Springer},
	Title = {Introduction to Operator Theory in Riesz Spaces},
	Year = {1997}}

@article{rincon2003existence,
	Author = {Rinc{\'o}n-Zapatero, Juan Pablo and Rodr{\'\i}guez-Palmero, Carlos},
	Journal = {Econometrica},
	Number = {5},
	Pages = {1519--1555},
	Publisher = {Wiley Online Library},
	Title = {Existence and uniqueness of solutions to the Bellman equation in the unbounded case},
	Volume = {71},
	Year = {2003}}

@article{martins2010existence,
	Author = {Martins-da-Rocha, V Filipe and Vailakis, Yiannis},
	Journal = {Econometrica},
	Number = {3},
	Pages = {1127--1141},
	Publisher = {Wiley Online Library},
	Title = {Existence and uniqueness of a fixed point for local contractions},
	Volume = {78},
	Year = {2010}}

@article{matkowski2011discounted,
	Author = {Matkowski, Janusz and Nowak, Andrzej S},
	Journal = {Economic Theory},
	Number = {3},
	Pages = {455--474},
	Publisher = {Springer},
	Title = {On discounted dynamic programming with unbounded returns},
	Volume = {46},
	Year = {2011}}

@article{mccafferty1980problems,
	Author = {McCafferty, Stephen and Driskill, Robert},
	Journal = {Econometrica},
	Pages = {1313--1317},
	Publisher = {JSTOR},
	Title = {Problems of existence and uniqueness in nonlinear rational expectations models},
	Year = {1980}}

@article{boucekkine1995alternative,
	Author = {Boucekkine, Raouf},
	Journal = {Journal of Economic Dynamics and Control},
	Number = {4},
	Pages = {711--734},
	Publisher = {Elsevier},
	Title = {An alternative methodology for solving nonlinear forward-looking models},
	Volume = {19},
	Year = {1995}}

@article{novales1990solving,
	Author = {Novales, Alfonso},
	Journal = {Econometrica},
	Pages = {93--111},
	Publisher = {JSTOR},
	Title = {Solving nonlinear rational expectations models: A stochastic equilibrium model of interest rates},
	Year = {1990}}

@article{miranda1997maximum,
	Author = {Miranda, Mario J and Rui, Xiongwen},
	Journal = {Journal of Economic Dynamics and Control},
	Number = {8},
	Pages = {1493--1510},
	Publisher = {Elsevier},
	Title = {Maximum likelihood estimation of the nonlinear rational expectations asset pricing model},
	Volume = {21},
	Year = {1997}}

@article{pohl2018higher,
	Author = {Pohl, Walter and Schmedders, Karl and Wilms, Ole},
	Journal = {The Journal of Finance},
	Number = {3},
	Pages = {1061--1111},
	Publisher = {Wiley Online Library},
	Title = {Higher order effects in asset pricing models with long-run risks},
	Volume = {73},
	Year = {2018}}

@techreport{marcet1994solving,
	Author = {Marcet, Albert and Marshall, David A},
	Institution = {CORE, UCL},
	Title = {Solving Nonlinear Rational Expectations Models by Parameterized Expectations: Convergence to Stationary Solutions},
	Year = {1994}}

@article{imrohoroglu1994recursive,
	Author = {Imrohoroglu, Selahattin},
	Journal = {Journal of Economic Dynamics and Control},
	Number = {6},
	Pages = {1051--1068},
	Publisher = {Elsevier},
	Title = {A recursive forward simulation method for solving nonlinear rational expectations models},
	Volume = {18},
	Year = {1994}}

@article{harrison1979martingales,
	Author = {Harrison, J Michael and Kreps, David M},
	Journal = {Journal of Economic theory},
	Number = {3},
	Pages = {381--408},
	Publisher = {Elsevier},
	Title = {Martingales and arbitrage in multiperiod securities markets},
	Volume = {20},
	Year = {1979}}

@article{campbell2003consumption,
	Author = {Campbell, John Y},
	Journal = {Handbook of the Economics of Finance},
	Pages = {803--887},
	Publisher = {Elsevier},
	Title = {Consumption-based asset pricing},
	Volume = {1},
	Year = {2003}}

@article{cochrane1992asset,
	Author = {Cochrane, John H and Hansen, Lars Peter},
	Journal = {NBER macroeconomics annual},
	Pages = {115--165},
	Publisher = {MIT Press},
	Title = {Asset pricing explorations for macroeconomics},
	Volume = {7},
	Year = {1992}}

@book{cochrane2009asset,
	Author = {Cochrane, John H},
	Publisher = {Princeton University Press},
	Title = {Asset Pricing},
	Year = {2009}}

@article{lucas1982interest,
	Author = {Lucas, Robert E},
	Journal = {Journal of Monetary Economics},
	Number = {3},
	Pages = {335--359},
	Publisher = {Elsevier},
	Title = {Interest rates and currency prices in a two-country world},
	Volume = {10},
	Year = {1982}}

@article{chatterjee2015seniority,
	Author = {Chatterjee, Satyajit and Eyigungor, Burcu},
	Journal = {The American Economic Review},
	Number = {12},
	Pages = {3740--3765},
	Publisher = {American Economic Association},
	Title = {A seniority arrangement for sovereign debt},
	Volume = {105},
	Year = {2015}}

@book{miao2014economic,
	Author = {Miao, Jianjun},
	Publisher = {MIT Press},
	Title = {Economic dynamics in discrete time},
	Year = {2014}}

@article{hansen2012dynamic,
	Author = {Hansen, Lars Peter},
	Journal = {Econometrica},
	Number = {3},
	Pages = {911--967},
	Publisher = {Wiley Online Library},
	Title = {Dynamic valuation decomposition within stochastic economies},
	Volume = {80},
	Year = {2012}}

@book{hansensargent2017,
	Author = {Hansen, Lars Peter and Sargent, Thomas J.},
	Publisher = {Princeton University Press, Princeton, New Jersey},
	Title = {Risk, Uncertainty, and Value},
	Year = 2017}

@book{krasnosel2012approximate,
	Author = {Krasnosel'skii, M.A. and Vainikko, G.M. and Zabreyko, R.P. and Ruticki, Y.B. and Stet'senko, V.V.},
	Isbn = {9789401027151},
	Publisher = {Springer Netherlands},
	Title = {Approximate Solution of Operator Equations},
	Year = {2012}}

@article{zabreiko1967bounds,
	Author = {Zabreiko, PP and Krasnosel'skii, MA and Stetsenko, V Ya},
	Journal = {Mathematical Notes},
	Number = {4},
	Pages = {306--310},
	Publisher = {Springer},
	Title = {Bounds for the spectral radius of positive operators},
	Volume = {1},
	Year = {1967}}

@inproceedings{grobler1970compactness,
	Author = {Grobler, JJ},
	Booktitle = {Indagationes Mathematicae (Proceedings)},
	Organization = {Elsevier},
	Pages = {287--294},
	Title = {Compactness conditions for integral operators in Banach function spaces},
	Volume = {73},
	Year = {1970}}

@article{kreps1981arbitrage,
	Author = {Kreps, David M},
	Journal = {Journal of Mathematical Economics},
	Number = {1},
	Pages = {15--35},
	Publisher = {Elsevier},
	Title = {Arbitrage and equilibrium in economies with infinitely many commodities},
	Volume = {8},
	Year = {1981}}

@article{borovivcka2016misspecified,
	Author = {Borovi{\v{c}}ka, Jaroslav and Hansen, Lars Peter and Scheinkman, Jos{\'e} A},
	Journal = {The Journal of Finance},
	Number = {6},
	Pages = {2493--2544},
	Publisher = {Wiley Online Library},
	Title = {Misspecified recovery},
	Volume = {71},
	Year = {2016}}

@article{christensen2017nonparametric,
	Author = {Christensen, Timothy M},
	Journal = {Econometrica},
	Number = {5},
	Pages = {1501--1536},
	Publisher = {Wiley Online Library},
	Title = {Nonparametric stochastic discount factor decomposition},
	Volume = {85},
	Year = {2017}}

@book{bogachev1998gaussian,
	Author = {Bogachev, Vladimir Igorevich},
	Number = {62},
	Publisher = {American Mathematical Soc.},
	Title = {Gaussian measures},
	Year = {1998}}

@article{bekaert2017asset,
  title={Asset return dynamics under habits and bad environment--good environment fundamentals},
  author={Bekaert, Geert and Engstrom, Eric},
  journal={Journal of Political Economy},
  volume={125},
  number={3},
  pages={713--760},
  year={2017},
  publisher={University of Chicago Press Chicago, IL}
}
